%% This BibTeX bibliography file was created using BibDesk.
%% http://bibdesk.sourceforge.net/

%% Created for Koji Shimizu at 2020-01-08 10:26:56 -0500 


%% Saved with string encoding Unicode (UTF-8) 



@article{Lut-survey,
	Author = {L\"{u}tkebohmert, W.},
	Date-Added = {2020-01-08 10:26:25 -0500},
	Date-Modified = {2020-01-08 10:26:51 -0500},
	Doi = {10.4310/PAMQ.2009.v5.n4.a7},
	Fjournal = {Pure and Applied Mathematics Quarterly},
	Issn = {1558-8599},
	Journal = {Pure Appl. Math. Q.},
	Mrclass = {14G22},
	Mrnumber = {2560320},
	Number = {4, Special Issue: In honor of John Tate. Part 1},
	Pages = {1385--1427},
	Title = {From {T}ate's elliptic curve to abeloid varieties},
	Url = {https://mathscinet.ams.org/mathscinet-getitem?mr=2560320},
	Volume = {5},
	Year = {2009},
	Bdsk-Url-1 = {https://mathscinet.ams.org/mathscinet-getitem?mr=2560320}}

@article{Bosch-Lut,
	Author = {Bosch, Siegfried and L\"{u}tkebohmert, Werner},
	Date-Added = {2020-01-08 10:23:49 -0500},
	Date-Modified = {2020-01-08 10:24:16 -0500},
	Doi = {10.1007/BF01388596},
	Fjournal = {Inventiones Mathematicae},
	Issn = {0020-9910},
	Journal = {Invent. Math.},
	Mrclass = {14K15 (11G10)},
	Mrnumber = {767194},
	Mrreviewer = {Frank Herrlich},
	Number = {2},
	Pages = {257--297},
	Title = {Stable reduction and uniformization of abelian varieties. {II}},
	Url = {https://mathscinet.ams.org/mathscinet-getitem?mr=767194},
	Volume = {78},
	Year = {1984},
	Bdsk-Url-1 = {https://mathscinet.ams.org/mathscinet-getitem?mr=767194}}

@incollection{Bhatt,
	Author = {Bhatt, Bhargav},
	Booktitle = {Perfectoid Spaces: Lectures from the 2017 Arizona Winter School},
	Editor = {Bryden Cais},
	Publisher = {American Mathematical Society},
	Series = {Mathematical Surveys and Monographs},
	Title = {The Hodge-Tate decomposition via perfectoid spaces},
	Volume = {242},
	Year = {2019}}

@book{Boschlectures,
	Author = {Bosch, Siegfried},
	Pages = {viii+254},
	Publisher = {Springer, Cham},
	Series = {Lecture Notes in Mathematics},
	Title = {Lectures on formal and rigid geometry},
	Volume = {2105},
	Year = {2014}}

@article{BL,
	Author = {Bosch, Siegfried and L\"{u}tkebohmert, Werner},
	Fjournal = {Topology. An International Journal of Mathematics},
	Journal = {Topology},
	Number = {4},
	Pages = {653--698},
	Title = {Degenerating abelian varieties},
	Volume = {30},
	Year = {1991}}

@book{FvdP,
	Author = {Fresnel, Jean and van der Put, Marius},
	Pages = {xii+296},
	Publisher = {Birkh\"{a}user Boston, Inc., Boston, MA},
	Series = {Progress in Mathematics},
	Title = {Rigid analytic geometry and its applications},
	Volume = {218},
	Year = {2004}}

@misc{Hansen_quotients,
	Author = {Hansen, David},
	Publisher = {Math. Res. Letters, to appear},
	Title = {Quotients of adic spaces by finite groups},
	Year = {2016}}

@misc{Hansen-blog,
	Author = {Hansen, David},
	Howpublished = {\url{https://arithmetica.wordpress.com/2015/09/27/perfectoid-universal-covers-of-curves/}},
	Title = {Perfectoid universal covers of curves},
	Year = {2015}}

@book{Lut,
	Author = {L{\"{u}}tkebohmert, Werner},
	Pages = {xviii+386},
	Publisher = {Springer, Cham},
	Series = {Ergebnisse der Mathematik und ihrer Grenzgebiete. 3. Folge. A Series of Modern Surveys in Mathematics [Results in Mathematics and Related Areas. 3rd Series. A Series of Modern Surveys in Mathematics]},
	Title = {Rigid geometry of curves and their {J}acobians},
	Volume = {61},
	Year = {2016}}

@article{LutRiemann,
	Author = {L{\"{u}}tkebohmert, Werner},
	Journal = {Invent Math},
	Pages = {309-330},
	Title = {Riemann's existence problem for a $p$-adic field},
	Volume = {111},
	Year = {1993}}

@misc{Reineke,
	Author = {Emanuel Reinecke},
	Eprint = {arXiv:1911.07392},
	Title = {The cohomology of the moduli space of curves at infinite level},
	Year = {2019}}

@article{Pilloni-Stroh,
	Author = {Pilloni, Vincent and Stroh, Beno\^{\i}t},
	Fjournal = {Annales Math\'{e}matiques du Qu\'{e}bec},
	Journal = {Ann. Math. Qu\'{e}.},
	Number = {1},
	Pages = {167--202},
	Title = {Cohomologie coh\'{e}rente et repr\'{e}sentations {G}aloisiennes},
	Volume = {40},
	Year = {2016}}

@misc{etale_cohomology_of_diamonds,
	Author = {Peter Scholze},
	Eprint = {arXiv:1709.07343},
	Title = {Etale cohomology of diamonds},
	Year = {2017}}

@incollection{survey,
	Author = {Scholze, Peter},
	Booktitle = {Current developments in mathematics 2012},
	Pages = {193--227},
	Publisher = {Int. Press, Somerville, MA},
	Title = {Perfectoid spaces: a survey},
	Year = {2013}}

@article{p-adic_Hodge,
	Author = {Scholze, Peter},
	Fjournal = {Forum of Mathematics. Pi},
	Journal = {Forum Math. Pi},
	Pages = {e1, 77},
	Title = {{$p$}-adic {H}odge theory for rigid-analytic varieties},
	Volume = {1},
	Year = {2013}}

@article{torsion,
	Author = {Scholze, Peter},
	Fjournal = {Annals of Mathematics. Second Series},
	Journal = {Ann. of Math. (2)},
	Number = {3},
	Pages = {945--1066},
	Title = {On torsion in the cohomology of locally symmetric varieties},
	Volume = {182},
	Year = {2015}}

@article{perfectoid,
	Author = {Scholze, Peter},
	Journal = {Publ. Math. Inst. Hautes \'{E}tudes Sci.},
	Pages = {245--313},
	Title = {Perfectoid spaces},
	Volume = {116},
	Year = {2012}}

@article{scholzeICMproceedings,
	Author = {Scholze, Peter},
	Journal = {Proceedings of the ICM},
	Title = {Perfectoid spaces and their Applications},
	Year = {2014}}

@misc{berkeley,
	Author = {Scholze, Peter and Weinstein, Jared},
	Howpublished = {\url{http://www.math.uni-bonn.de/people/scholze/Berkeley.pdf}},
	Title = {Berkeley lectures on p-adic geometry, revised version},
	Year = {2017}}

@article{SW,
	Author = {Peter Scholze and Jared Weinstein},
	Journal = {Camb. J. Math.},
	Number = {2},
	Pages = {145-237},
	Title = {Moduli of p-divisible groups},
	Volume = {1},
	Year = {2013}}
